% This file was created with JabRef 2.4.
% Encoding: Cp1252


@comment{jabref-meta: selector_keywords:}
@INPROCEEDINGS{RIFF09, 
	author={M. C. Riff and E. Montero}, 
	booktitle={2009 International Conference on Adaptive and Intelligent Systems}, 
	title={A Dynamic Adaptive Calibration of the CLONALG Immune Algorithm}, 
	year={2009}, 
	volume={}, 
	number={}, 
	pages={187-193}, 
	keywords={artificial immune systems;biocybernetics;calibration;genetic algorithms;learning (artificial intelligence);travelling salesman problems;dynamic adaptive calibration;CLONALG;bio-inspired algorithms;parameter control strategy;immune algorithm;reinforcement learning ideas;mutation process;adaptive technique;travelling salesman problem;Calibration;Immune system;Programmable control;Adaptive control;Cloning;Adaptive systems;Genetic mutations;Costs;Traveling salesman problems;Testing;parameter control;artificial immune algorithms}, 
	doi={10.1109/ICAIS.2009.38}, 
	ISSN={}, 
	month={Sept}}

@ARTICLE{DEC02, 
	author={L. N. de Castro and F. J. Von Zuben}, 
	journal={IEEE Transactions on Evolutionary Computation}, 
	title={Learning and optimization using the clonal selection principle}, 
	year={2002}, 
	volume={6}, 
	number={3}, 
	pages={239-251}, 
	keywords={biocybernetics;evolutionary computation;learning (artificial intelligence);optimisation;pattern recognition;combinatorial mathematics;sensitivity analysis;software performance evaluation;adaptive systems;clonal selection principle;machine learning;adaptive immune response;antigenic stimulus;cell proliferation;antigen recognition;affinity maturation process;computational implementation;CLONALG algorithm;pattern recognition;multimodal optimization;combinatorial optimization;computational cost;sensitivity analysis;user-defined parameters;evolutionary algorithms;benchmark problems;performance evaluation;niching method;multimodal function optimization;Immune system;Evolutionary computation;Sensitivity analysis;Artificial immune systems;Adaptive systems;Computational efficiency;Optimization methods;Pattern recognition;Biology computing;Biological system modeling}, 
	doi={10.1109/TEVC.2002.1011539}, 
	ISSN={1089-778X}, 
	month={June}}

@book{tan2016artificial,
	title={Artificial Immune System: Applications in Computer Security},
	author={Tan, Y.},
	isbn={9781119076285},
	lccn={2015040514},
	year={2016},
	publisher={Wiley}
}

@book{burke2013,
	title={Search Methodologies: Introductory Tutorials in Optimization and Decision Support Techniques},
	author={Burke, E.K. and Kendall, G.},
	isbn={9781461469407},
	series={SpringerLink : B{\"u}cher},
	year={2013},
	publisher={Springer US}
}


@INPROCEEDINGS{PAM17, 
	author={M. E. Pamukov}, 
	booktitle={2017 9th IEEE International Conference on Intelligent Data Acquisition and Advanced Computing Systems: Technology and Applications (IDAACS)}, 
	title={Application of artificial immune systems for the creation of IoT intrusion detection systems}, 
	year={2017}, 
	volume={1}, 
	number={}, 
	pages={564-568}, 
	keywords={artificial immune systems;Internet of Things;security of data;unique security requirements;artificial immune systems;IoT intrusion detection systems;ubiquitous nature;high heterogeneity;connected devices;artificial immune system;communication protocols;negative selection and danger theory;Artificial intelligence;Detectors;Immune system;Intrusion detection;Algorithm design and analysis;Protocols;IoT;Artificial Immune System;Intrusion Detection Systems;Security;IDS},  
	ISSN={}, 
	month={Sept}}

@INPROCEEDINGS{NAN08, 
	author={S. J. Nanda and G. Panda and B. Majhi and P. Tha}, 
	booktitle={2008 International Conference on Information Technology}, 
	title={Development of a New Optimization Algorithm Based on Artificial Immune System and Its Application}, 
	year={2008}, 
	volume={}, 
	number={}, 
	pages={45-48}, 
	keywords={artificial immune systems;optimization algorithm;artificial immune system;approximation algorithm;system modeling;plants identification;controller design;fault detection;computer security;data sets prediction;nonlinear functions approximation;nonlinear systems identification;noisy environment;Artificial immune systems;Algorithm design and analysis;Function approximation;Approximation algorithms;Application software;Data engineering;Design engineering;Systems engineering and theory;Modeling;Fault diagnosis;Artificial Immune Systems;Clonal Selection Principle;Optimization}, 
	doi={10.1109/ICIT.2008.20}, 
	ISSN={}, 
	month={Dec}}

@incollection{Matai10,
	author = {Rajesh Matai and Surya Singh and Murari Lal Mittal},
	title = {Traveling Salesman Problem: an Overview of Applications, Formulations, and Solution Approaches},
	booktitle = {Traveling Salesman Problem},
	publisher = {IntechOpen},
	address = {Rijeka},
	year = {2010},
	editor = {Donald Davendra},
	chapter = {1},
	doi = {10.5772/12909},
}

@book{Applegate,
	author = {Applegate, David L. and Bixby, Robert E. and Chvatal, Vasek and Cook, William J.},
	title = {The Traveling Salesman Problem: A Computational Study (Princeton Series in Applied Mathematics)},
	year = {2007},
	isbn = {0691129932, 9780691129938},
	publisher = {Princeton University Press},
	address = {Princeton, NJ, USA},
}

@misc{tsplib,
Note="\url{https://www.iwr.uni-heidelberg.de/groups/comopt/software/TSPLIB95/}[Accessed: 12.12.2018]",
Title="TSPLIB95",
University="Universität Heidelberg",
Author="Gerhard Reinelt",
} 

@misc{oat,
	Note="\url{http://optalgtoolkit.sourceforge.net/}[Accessed: 18.12.2018]",
	Title="Optimization Algorithm Toolkit",
	Author="Jason Brownlee",
} 

@INPROCEEDINGS{sun, 
	author={W. -. Sun and X. -. Xu and H. -. Dai and Z. Tang and H. Tamura}, 
	booktitle={SICE 2004 Annual Conference}, 
	title={An immune optimization algorithm for TSP problem}, 
	year={2004}, 
	volume={1}, 
	number={}, 
	pages={710-715 vol. 1}, 
	keywords={travelling salesman problems;genetic algorithms;biology;combinatorial optimization algorithm;immune response mechanism;traveling salesman problem;TSP;TSPLIB benchmark problems;immune network;artificial immune system;Immune system;Cells (biology);Traveling salesman problems;Computational modeling;Algorithm design and analysis;Production;Sun;Benchmark testing;Artificial immune systems;Recruitment}, 
	doi={}, 
	ISSN={}, 
	month={Aug}}

@INPROCEEDINGS{Garret04, 
	author={S. M. Garrett}, 
	booktitle={Proceedings of the 2004 Congress on Evolutionary Computation (IEEE Cat. No.04TH8753)}, 
	title={Parameter-free, adaptive clonal selection}, 
	year={2004}, 
	volume={1}, 
	number={}, 
	pages={1052-1058 Vol.1}, 
	keywords={optimisation;adaptive systems;artificial life;evolutionary computation;parameter-free clonal selection;adaptive clonal selection;optimization;immune system adaptation;binary representation;mutation;clones;Immune system;Cloning;Response surface methodology;Genetic mutations;Computational biology;Computer science;Bioinformatics;Psychology;Educational institutions;Pathogens}, 
	doi={10.1109/CEC.2004.1330978}, 
	ISSN={}, 
	month={June}}

@INPROCEEDINGS{Pasti06, 
	author={R. Pasti and L. Nunes de Castro}, 
	booktitle={The 2006 IEEE International Joint Conference on Neural Network Proceedings}, 
	title={A Neuro-Immune Network for Solving the Traveling Salesman Problem}, 
	year={2006}, 
	volume={}, 
	number={}, 
	pages={3760-3766}, 
	keywords={neural nets;travelling salesman problems;neuro-immune network;traveling salesman problem;combinatorial optimization;NP class problem;meta-heuristics;neural network;Traveling salesman problems;Cities and towns;Neural networks;Optimization methods;Immune system;Benchmark testing;Annealing;Intelligent systems;Cost function;Artificial neural networks}, 
	doi={10.1109/IJCNN.2006.247394}, 
	ISSN={2161-4393}, 
	month={July}}

@Book{howard,
	title = { Elementary linear algebra : applications version },
	author = { Anton, Howard and Rorres, Chris },
	publisher = { New York : Wiley },
	year = { 1994 },
	type = { Book; Book/Illustrated },
	edition = { 7th ed },
	isbn = { 0471587419 (acid-free) },
	subjects = { Álgebra lineal; Lineaire algebra; Algèbre linéaire -- Problèmes et exercices; Algebras, Linear },
	language = { English },
	note = { Includes index },
	contents = { Machine derived contents note: Systems of Linear Equations and Matrices. -- Determinants. -- Vectors in 2-Space and 3-Space. -- Euclidean Vector Spaces. -- General Vector Spaces. -- Inner Product Spaces. -- Eigenvalues, Eigenvectors. -- Linear Transformations. -- Additional Topics. -- Complex Vector Spaces. -- Applications of Linear Algebra. -- Answers to Exercises. -- Index },
}

@book{immunebio,
	title={Immunobiology Five},
	author={Janeway, C.},
	isbn={9780815336426},
	lccn={96047915},
	series={Immunobiology 5 : the Immune System in Health and Disease},
	year={2001},
	publisher={Garland Pub.}
}

@book{hammington,
	title={An Introduction to Abstract Algebra},
	author={Robinson, D.J.S.},
	isbn={9783110198164},
	lccn={2002041471},
	series={De Gruyter Textbook},
	year={2008},
	publisher={De Gruyter}
}
@article{pearson,
	author = {Karl Pearson  and Francis Galton },
	title = {VII. Note on regression and inheritance in the case of two parents},
	journal = {Proceedings of the Royal Society of London},
	volume = {58},
	number = {347-352},
	pages = {240-242},
	year = {1895},
}

@article{evolution,
	author = {Beyer, Hans-Georg and Schwefel, Hans-Paul},
	title = {Evolution Strategies \&Ndash;A Comprehensive Introduction},
	issue_date = {May 2002},
	volume = {1},
	number = {1},
	month = may,
	year = {2002},
	issn = {1567-7818},
	pages = {3--52},
	numpages = {50},
	acmid = {584641},
	publisher = {Kluwer Academic Publishers},
	address = {Hingham, MA, USA},
	keywords = {Darwinian evolution, computational intelligence, design principles for genetic operators, evolution strategies, evolutionary computation, optimization},
} 
